@book{tadummies:2020,
    title = {Technical Analysis for Dummies},
    author = {Barbara Rockefeller},
    year = {2020},
    publisher = {John Wiley \& Sons},
    address = {Hoboken, NJ},
}

@book{fadummies:2016,
    title = {Fundamental Analysis for Dummies},
    author = {Matt Krantz},
    year = {2016},
    publisher = {For Dummies},
    address = {Hoboken, NJ},
}

@article{parisi:2019,
    title={Continual lifelong learning with neural networks: A review},
    author={German I. Parisi and Ronald Kemker and Jose L. Part and Christopher Kanan and Stefan Wermter},
    journal={Neural Networks},
    volume={113},
    pages = {54-71},
    year={2019},
    doi = {https://doi.org/10.1016/j.neunet.2019.01.012},
}

@article{stankovic:2015,
    title = {Investment Strategy Optimization Using Technical Analysis and Predictive Modeling in Emerging Markets},
    author = {Jelena Stanković and Ivana Marković and Miloš Stojanović},
    journal = {Procedia Economics and Finance},
    volume = {19},
    pages = {51-62},
    year = {2015},
    doi = {https://doi.org/10.1016/S2212-5671(15)00007-6},
}

@inproceedings{li:2019,
    author = {Zhige Li and Derek Yang and Li Zhao and Jiang Bian and Tao Qin and Tie-Yan Liu},
    title = {Individualized Indicator for All: Stock-Wise Technical Indicator Optimization with Stock Embedding},
    year = {2019},
    publisher = {Association for Computing Machinery},
    address = {New York, NY},
    doi = {https://doi.org/10.1145/3292500.3330833},
    booktitle = {Proceedings of the 25th ACM SIGKDD International Conference on Knowledge Discovery \& Data Mining},
    pages = {894–902},
    series = {KDD '19}
}
